@ARTICLE{9573469,
  author={Leung, MinWah and Mikofski, Mark Alexander and Hamer, Mike and Neubert, Anja and Parikh, Abhishek and Rainey, Patrick and Kharait, Rounak},
  journal={IEEE Journal of Photovoltaics}, 
  title={Tracker Terrain Loss Part Two}, 
  year={2022},
  volume={12},
  number={1},
  pages={127-132},
  doi={10.1109/JPHOTOV.2021.3114599}}
